% This file was created with Citavi 6.3.0.0

@book{BL1997,
 author = {{Burkhard Lenze}},
 year = {1997},
 title = {Einf{\"u}hrung in die Mathematik neuronaler Netze},
 address = {Berlin},
 publisher = {{Logos Verlag}}
}


